@Manual{shiny,
  title = {shiny: Web Application Framework for R},
  author = {Winston Chang and Joe Cheng and JJ Allaire and Yihui Xie and 
Jonathan McPherson},
  year = {2015},
  note = {R package version 0.11.1},
  url = {http://CRAN.R-project.org/package=shiny},
}


@Manual{rlang,
  title = {R: A Language and Environment for Statistical Computing},
  author = {{R Core Team}},
  organization = {R Foundation for Statistical Computing},
  address = {Vienna, Austria},
  year = {2015},
  url = {http://www.R-project.org/},
}

  @Manual{rmd,
    title = {rmarkdown: Dynamic Documents for R},
    author = {JJ Allaire and Joe Cheng and Yihui Xie and Jonathan McPherson and 
Winston Chang and Jeff Allen and Hadley Wickham and Rob Hyndman},
    year = {2015},
    note = {R package version 0.5.1},
    url = {http://CRAN.R-project.org/package=rmarkdown},
  }
